name,ttm,12/31/2023,12/31/2022,12/31/2021,12/31/2020,12/31/2019,12/31/2018,12/31/2017,12/31/2016,12/31/2015,12/31/2014,12/31/2013,12/31/2012,12/31/2011,12/31/2010,12/31/2009,12/31/2008,12/31/2007,12/31/2006,12/31/2005,12/31/2004,12/31/2003,12/31/2002,12/31/2001,12/31/2000
TotalRevenue,"890,534,000","726,437,000","517,235,000","484,145,000","441,755,000","339,076,000","223,807,000","124,901,000","17,331,000","61,000","120,000","1,145,000","4,907,000","2,067,000","42,135,000","6,399,000","1,590,000","7,555,000","8,133,000","10,956,000","4,604,000","7,378,400","6,275,600","3,714,000","4,312,000"
	OperatingRevenue,"890,534,000","726,437,000","517,235,000","484,145,000","441,755,000","339,076,000","223,807,000","124,901,000","17,331,000","61,000","120,000","1,145,000","4,907,000","2,067,000","42,135,000","6,399,000","1,590,000","7,555,000","8,133,000","10,956,000","4,604,000","7,378,400","6,275,600","3,714,000","4,312,000"
CostOfRevenue,"73,693,000","41,638,000","10,166,000","19,141,000","20,550,000","19,598,000","18,330,000","13,060,000","4,406,000","2,500,000","0",,,"0","0","0","0",,,,,,,,
GrossProfit,"816,841,000","684,799,000","507,069,000","465,004,000","421,205,000","319,478,000","205,477,000","111,841,000","12,925,000","-2,439,000","120,000",,,"2,067,000","42,135,000","6,399,000","1,590,000",,,,,,,,
OperatingExpense,"794,026,000","758,178,000","730,665,000","635,443,000","707,791,000","566,023,000","452,921,000","404,251,000","285,740,000","162,173,000","93,350,000","39,442,000","25,793,000","24,919,000","27,041,000","51,867,000","68,568,000","70,209,000","57,187,000","46,762,000","30,699,000","21,118,400","18,901,500","18,993,000","15,581,000"
	SellingGeneralAndAdministration,"434,410,000","406,559,000","369,090,000","396,028,000","388,661,000","325,638,000","265,758,000","255,062,000","186,456,000","88,304,000","32,748,000","12,720,000","6,999,000","7,610,000","6,462,000","10,282,000","11,818,000","12,267,000","11,349,000","15,915,000","7,246,000","4,183,400","3,980,800","3,756,000","2,999,000"
		GeneralAndAdministrativeExpense,,,,"396,028,000","388,661,000","325,638,000","265,758,000","255,062,000","186,456,000","88,304,000","32,748,000","12,720,000","6,999,000","7,610,000","6,462,000",,,,,,,,,,
			SalariesAndWages,,,,,,,,,,,,"3,503,000","1,250,000",,,,,,,,,,,,
			OtherGandA,,,,"396,028,000","388,661,000","325,638,000","265,758,000","255,062,000","186,456,000","88,304,000","32,748,000","12,720,000","6,999,000","7,610,000","6,462,000",,,,,,,,,,
	ResearchAndDevelopment,"359,616,000","351,619,000","361,575,000","239,415,000","319,130,000","240,385,000","187,163,000","149,189,000","99,284,000","73,869,000","60,602,000","26,722,000","18,794,000","17,309,000","20,579,000","41,585,000","56,750,000","57,942,000","49,398,000","30,848,000","23,454,000","16,935,000","14,920,700","13,090,000","9,728,000"
	OtherOperatingExpenses,,,,,,,,,,,,,,,,,,,"-3,560,000","-1,000","-1,000",,,"2,147,000","2,854,000"
OperatingIncome,"22,815,000","-73,379,000","-223,596,000","-170,439,000","-286,586,000","-246,545,000","-247,444,000","-292,410,000","-272,815,000","-164,612,000","-93,230,000","-38,297,000","-20,886,000","-22,852,000","15,094,000","-45,468,000","-66,978,000","-62,654,000","-49,054,000","-35,806,000","-26,095,000","-13,740,000","-12,625,900","-15,279,000","-11,269,000"
NetNonOperatingInterestIncomeExpense,"20,749,000","17,234,000","6,610,000","591,000","6,610,000","11,165,000","5,348,000","4,126,000","2,763,000","499,000","755,000","349,000","37,000","87,000","45,000","323,000","2,734,000",,,,,,,,
	InterestIncomeNonOperating,"20,749,000","17,234,000","6,610,000","591,000","6,610,000","11,165,000","5,348,000","4,126,000","2,763,000","499,000","755,000","349,000","37,000","87,000","45,000","409,000","2,915,000",,,,,,,,
	InterestExpenseNonOperating,,,,,,,,,,,,,,,,"86,000","181,000",,,,,,,,
	TotalOtherFinanceCost,"-11,165,000",,,,,"-11,165,000","-5,348,000","-4,126,000","-2,763,000","-499,000","-755,000","-349,000","-37,000","-87,000","-45,000","-323,000",,,,,,,,,
OtherIncomeExpense,"2,180,000","5,109,000","3,542,000","2,329,000","-997,000","997,000","-1,840,000",,,,,,,,,,,,"3,560,000",,,,,,
	SpecialIncomeCharges,,,,,,,,,,,,,,,,,"0",,"3,560,000",,,,,,
	OtherNonOperatingIncomeExpenses,"2,180,000","5,109,000","3,542,000","2,329,000","-997,000","997,000","-1,840,000",,,,,,,,,,,,,,,,,,
PretaxIncome,"45,744,000","-51,036,000","-213,444,000","-167,519,000","-280,973,000","-234,383,000","-243,936,000","-288,284,000","-270,052,000","-164,113,000","-92,475,000","-37,948,000","-20,849,000","-22,765,000","15,139,000",,,,,,,,,,
TaxProvision,"15,179,000","10,250,000","2,531,000","351,000","611,000","876,000","1,256,000","1,119,000","1,341,000","330,000","0",,,,,,,,,,,,,,
NetIncomeCommonStockholders,"30,565,000","-61,286,000","-215,975,000","-167,870,000","-281,584,000","-235,259,000","-245,192,000","-289,403,000","-271,393,000","-164,443,000","-92,475,000","-37,948,000","-20,849,000","-22,765,000","15,139,000","-45,145,000","-64,244,000","-56,390,000","-45,048,000","-34,135,000","-34,504,000","-26,371,900","-22,490,400","-3,614,000","-2,040,000"
	NetIncome,"30,565,000","-61,286,000","-215,975,000","-167,870,000","-281,584,000","-235,259,000","-245,192,000","-289,403,000","-271,393,000","-164,443,000","-92,475,000","-37,948,000","-20,849,000","-22,765,000","15,139,000","-45,145,000","-64,244,000","-56,390,000","-45,048,000","-34,135,000","-25,917,000","-14,092,600","-12,868,200","-14,406,000","-10,194,000"
		NetIncomeIncludingNoncontrollingInterests,"30,565,000","-61,286,000","-215,975,000","-167,870,000","-281,584,000","-235,259,000","-245,192,000","-289,403,000","-271,393,000","-164,443,000","-92,475,000","-37,948,000","-20,849,000","-22,765,000","15,139,000","-45,145,000","-64,244,000","-56,390,000","-45,048,000","-34,135,000","-25,917,000","-14,092,600","-12,868,200","-14,406,000","-10,194,000"
			NetIncomeContinuousOperations,"30,565,000","-61,286,000","-215,975,000","-167,870,000","-281,584,000","-235,259,000","-245,192,000","-289,403,000","-271,393,000","-164,443,000","-92,475,000","-37,948,000","-20,849,000","-22,765,000","15,139,000","-45,145,000","-64,244,000","-56,390,000","-45,099,000","-34,135,000","-25,917,000","-14,092,600","-12,868,200","-14,406,000","-10,194,000"
			NetIncomeExtraordinary,,,,,,,,,,,,,,,,,"0",,"51,000",,,,,,
	PreferredStockDividends,,,,,,,,,,,,,,,,,,,,,"8,587,000","12,279,300","9,622,200",,
	OtherunderPreferredStockDividend,,,,,,,,,,,,,,,,,,,,,,,,"-10,792,000","-8,154,000"
DilutedNIAvailtoComStockholders,"30,565,000","-61,286,000","-215,975,000","-167,870,000","-281,584,000","-235,259,000","-245,192,000","-289,403,000","-271,393,000","-164,443,000","-92,475,000","-37,948,000","-20,849,000","-22,765,000","15,139,000","-45,145,000","-64,244,000","-56,390,000","-45,048,000","-34,135,000","-34,504,000","-26,371,900","-22,490,400","-3,614,000","-2,040,000"
BasicEPS,"0.19","-0.37","-1.34","-1.05","-1.79","-1.6","-1.94","-2.36","-2.34","-1.63","-0.95","-0.44","-0.38","-0.44","0.39","-1.2","-1.73","-1.6","-1.61","-1.55","-1.67","-1.24","-2.24","-2.99","-1.91"
DilutedEPS,"0.19","-0.37","-1.34","-1.05","-1.79","-1.6","-1.94","-2.36","-2.34","-1.63","-0.95","-0.44","-0.38","-0.44","0.39","-1.2","-1.73","-1.6","-1.61","-1.55","-1.67","-1.24","-2.24","-2.99","-1.91"
BasicAverageShares,"164,851,500","163,819,000","161,683,000","160,493,000","157,331,000","147,199,000","126,583,000","122,600,000","115,858,000","100,630,000","97,248,000","85,715,000","55,116,000","52,183,000","38,593,000","37,476,000","37,113,000","35,211,000","27,923,000","22,014,000","10,353,351","1,459,000","1,452,005","1,208,000","1,070,000"
DilutedAverageShares,"165,460,000","163,819,000","161,683,000","160,493,000","157,331,000","147,199,000","126,583,000","122,600,000","115,858,000","100,630,000","97,248,000","85,715,000","55,116,000","52,183,000","38,720,000","37,476,000","37,113,000","35,211,000","27,923,000","22,014,000","10,353,351","11,365,000","1,452,005","1,208,000","1,070,000"
TotalOperatingIncomeAsReported,"22,815,000","-73,379,000","-223,596,000","-170,439,000","-286,586,000","-246,545,000","-247,444,000","-292,410,000","-272,815,000","-164,612,000","-93,230,000","-38,297,000","-20,886,000","-22,852,000","15,094,000","-45,468,000","-66,978,000","-62,654,000","-49,054,000","-35,806,000","-26,095,000","-13,740,000","-12,625,900","-15,279,000","-11,269,000"
TotalExpenses,"867,719,000","799,816,000","740,831,000","654,584,000","728,341,000","585,621,000","471,251,000","417,311,000","290,146,000","164,673,000","93,350,000","39,442,000","25,793,000","24,919,000","27,041,000","51,867,000","68,568,000","70,209,000","57,187,000","46,762,000","30,699,000","21,118,400","18,901,500","18,993,000","15,581,000"
NetIncomeFromContinuingAndDiscontinuedOperation,"30,565,000","-61,286,000","-215,975,000","-167,870,000","-281,584,000","-235,259,000","-245,192,000","-289,403,000","-271,393,000","-164,443,000","-92,475,000","-37,948,000","-20,849,000","-22,765,000","15,139,000","-45,145,000","-64,244,000","-56,390,000","-45,099,000","-34,135,000","-25,917,000","-14,092,600","-12,868,200","-14,406,000","-10,194,000"
NormalizedIncome,"30,565,000","-61,286,000","-215,975,000","-167,870,000","-281,584,000","-235,259,000","-245,192,000","-289,403,000","-271,393,000","-164,443,000","-92,475,000","-37,948,000","-20,849,000","-22,765,000","15,139,000","-45,145,000","-64,244,000","-56,390,000","-47,235,000","-34,135,000","-25,917,000","-14,092,600","-12,868,200","-14,406,000","-10,194,000"
InterestIncome,"20,749,000","17,234,000","6,610,000","591,000","6,610,000","11,165,000","5,348,000","4,126,000","2,763,000","499,000","755,000","349,000","37,000","87,000","45,000","409,000","2,915,000",,,,,,,,
InterestExpense,,,,,,,,,,,,,,,,"86,000","181,000",,,,,,,,
NetInterestIncome,"20,749,000","17,234,000","6,610,000","591,000","6,610,000","11,165,000","5,348,000","4,126,000","2,763,000","499,000","755,000","349,000","37,000","87,000","45,000","323,000","2,734,000",,,,,,,,
EBIT,"22,815,000","-73,379,000","-223,596,000","-170,439,000","-286,586,000","-246,545,000","-247,444,000","-292,410,000","-272,815,000","-164,612,000","-93,230,000","-38,297,000","-20,886,000","-22,852,000","15,094,000","-45,468,000","-66,978,000","-62,654,000","-49,054,000","-35,806,000","-26,095,000","-13,740,000","-12,625,900","-15,279,000","-11,269,000"
EBITDA,"34,274,000","-67,827,000","-221,570,000","-167,095,000","-283,654,000","-243,779,000","-244,439,000","-289,697,000","-270,987,000","-163,965,000","-93,024,000","-38,218,000","-20,777,000","-22,567,000","15,701,000","-44,357,000","-65,935,000","-61,886,000","-49,054,000","-34,780,000","-24,789,000","-12,396,400","-11,223,100","-15,279,000","-11,269,000"
ReconciledCostOfRevenue,"73,693,000","41,638,000","10,166,000","19,141,000","20,550,000","19,598,000","18,330,000","13,060,000","4,406,000","2,500,000","0",,,"0","0","0","0",,,,,,,,
ReconciledDepreciation,"11,459,000","5,552,000","2,026,000","3,344,000","2,932,000","2,766,000","3,005,000","2,713,000","1,828,000","647,000","206,000","79,000","109,000","285,000","607,000","1,111,000","1,043,000","768,000","-146,000","1,026,000","1,306,000","1,343,600","1,402,800",,
NetIncomeFromContinuingOperationNetMinorityInterest,"30,565,000","-61,286,000","-215,975,000","-167,870,000","-281,584,000","-235,259,000","-245,192,000","-289,403,000","-271,393,000","-164,443,000","-92,475,000","-37,948,000","-20,849,000","-22,765,000","15,139,000","-45,145,000","-64,244,000","-56,390,000","-45,099,000","-34,135,000","-25,917,000","-14,092,600","-12,868,200","-14,406,000","-10,194,000"
TotalUnusualItemsExcludingGoodwill,,,,,,,,,,,,,,,,,"0",,"3,560,000",,,,,,
TotalUnusualItems,,,,,,,,,,,,,,,,,"0",,"3,560,000",,,,,,
NormalizedEBITDA,"34,274,000","-67,827,000","-221,570,000","-167,095,000","-283,654,000","-243,779,000","-244,439,000","-289,697,000","-270,987,000","-163,965,000","-93,024,000","-38,218,000","-20,777,000","-22,567,000","15,701,000","-44,357,000","-65,935,000","-61,886,000","-52,614,000","-34,780,000","-24,789,000","-12,396,400","-11,223,100","-15,279,000","-11,269,000"
TaxRateForCalcs,"0.332","0.21","0.21","0.27","0.27","0.27","0.27","0.4","0.4","0.4","0","0","0","0","0.35","0.35","0.35","0.35","0.4","0.4","0.4","0.4","0.4","0.4","0.4"
TaxEffectOfUnusualItems,"0","0","0","0","0","0","0","0","0","0","0","0","0","0","0","0","0","0","1,424,000","0","0","0","0","0","0"