name,ttm,12/31/2023,12/31/2022,12/31/2021,12/31/2020,12/31/2019,12/31/2018,12/31/2017,12/31/2016,12/31/2015,12/31/2014,12/31/2013,12/31/2012,12/31/2011,12/31/2010,12/31/2009,12/31/2008,12/31/2007,12/31/2006,12/31/2005,12/31/2004,12/31/2003,12/31/2002
TotalRevenue,"434,475,000","398,204,000","214,203,000","140,833,000","119,073,000","102,306,000","500,000","0","0","0","0","0","0","0","488,958","0","0",,,,,,"0"
	OperatingRevenue,"434,475,000","398,204,000","214,203,000","140,833,000","119,073,000","102,306,000","500,000","0","0","0","0","0","0","0","488,958","0","0",,,,,,"0"
CostOfRevenue,"57,901,000","51,967,000","34,393,000","21,884,000","17,039,000","14,759,000","0",,,"0","0","0","0","0","0","0","0",,,,,,"0"
GrossProfit,"376,574,000","346,237,000","179,810,000","118,949,000","102,034,000","87,547,000","500,000",,,"0","0","0","0","0","488,958","0","0",,,,,,"0"
OperatingExpense,"290,698,000","259,425,000","77,972,000","66,564,000","60,731,000","55,724,000","35,795,165","18,679,636","19,280,201","20,398,352","14,591,428","10,311,658","5,221,140","6,082,139","4,513,139","7,275,394","10,893,945","5,027,129","2,902,327","1,822,168","542,958",,"255,945"
	SellingGeneralAndAdministration,"163,264,000","133,710,000","57,085,000","49,628,000","44,234,000","36,881,000","15,875,961","7,304,399","7,910,260","8,597,010","4,473,654","2,214,884","2,561,543","2,698,174","2,206,358","2,177,954","2,183,504","2,036,470","1,913,183","491,653","164,704",,
		GeneralAndAdministrativeExpense,"61,083,000","47,021,000","27,616,000","23,477,000","20,666,533","16,933,271","15,875,961","7,304,399","7,910,260","8,597,010","4,473,654","2,214,884","2,561,543","2,698,174","2,206,358","2,177,954","2,183,504",,,,,,
			SalariesAndWages,"19,013,000","12,769,000","6,178,000","4,462,000","4,675,721","2,687,219","2,471,414",,,,,,,,,,,,,,,,
			OtherGandA,"42,070,000","34,252,000","21,438,000","19,015,000","15,990,812","14,246,052","13,404,547","7,304,399","7,910,260","8,597,010","4,473,654","2,214,884","2,561,543","2,698,174","2,206,358",,,,,,,,
		SellingAndMarketingExpense,"102,181,000","86,689,000","29,469,000","26,151,000","23,567,221","19,947,916",,,,,,,,,,,,,,,,,
	ResearchAndDevelopment,"91,200,000","93,150,000","19,789,000","16,936,000","16,497,000","18,843,000","19,919,204","11,375,237","11,369,941","11,801,342","10,117,774","8,096,774","2,659,597","3,383,965","2,306,781","5,097,440","8,710,441","2,990,659","989,144","1,330,515","378,254",,"137,680"
	DepreciationAmortizationDepletionIncomeStatement,"36,234,000","32,565,000","1,098,000","0",,,,,,,,,,,,,,,,,,,
		DepreciationAndAmortizationInIncomeStatement,"36,234,000","32,565,000","1,098,000","0",,,,,,,,,,,,,,,,,,,
			Amortization,"36,234,000","32,565,000","1,098,000","0",,,,,,,,,,,,,,,,,,,
				AmortizationOfIntangiblesIncomeStatement,"36,234,000","32,565,000","1,098,000","0",,,,,,,,,,,,,,,,,,,
	OtherOperatingExpenses,,,,,,,,,,,,,,,,,,,,,,,"118,265"
OperatingIncome,"85,876,000","86,812,000","101,838,000","52,385,000","41,303,000","31,823,000","-35,295,165","-18,679,636","-19,280,201","-20,398,352","-14,591,428","-10,311,658","-5,221,140","-6,082,139","-4,024,181","-7,275,394","-10,893,945","-5,027,129","-2,902,327","-1,822,168","-542,958",,"-255,945"
NetNonOperatingInterestIncomeExpense,,,,,,"1,585,774","1,291,651","454,163","321,612","100,389","76,233","47,421","14,976","10,985","17,858","33,466","329,348",,,,,,
	InterestIncomeNonOperating,,,,,,"1,585,774","1,291,651","454,163","321,612","100,389","76,233","47,421","14,976","10,985","17,858","33,466","329,348",,,,,,
	TotalOtherFinanceCost,,,,,,,"-1,291,651","-454,163","-321,612","-100,389","-76,233","-47,421","-14,976",,,,,,,,,,
OtherIncomeExpense,"745,000","7,699,000","2,881,000","282,000","587,000","1,586,000","1,291,651","267,259","1,207,749","165,394","-917,633","-1,842,938","1,144,754","-319,908","0","0","0","0","0","0","0",,"0"
	GainOnSaleOfSecurity,,,,,,,,"-186,904","886,137","65,005","-993,866","-1,890,359","1,129,778","-319,908",,,,,,,,,
	SpecialIncomeCharges,,,,,,,,,"1,207,749","165,394","-917,633",,,"-319,908",,,,,,,,,
	OtherNonOperatingIncomeExpenses,"745,000","7,699,000","2,881,000","282,000","587,000","1,586,000","1,291,651","454,163","321,612","100,389","76,233","47,421","14,976",,,,,,,,,,
PretaxIncome,"93,563,000","94,511,000","104,719,000","52,667,000","41,890,000","33,409,000","-34,003,514","-18,412,377","-18,072,452","-20,232,958","-15,509,061","-12,154,596","-4,076,386","-6,391,062","-4,006,323","-7,241,928","-10,564,597","-4,139,493","-2,729,454","-1,805,380","-539,820",,"-255,945"
TaxProvision,"25,414,000","23,101,000","21,640,000","13,185,000","-33,093,000","1,534,000","0","0","0","0","0","0","0","0","0","0","0",,,,,,"0"
NetIncomeCommonStockholders,"68,149,000","71,410,000","83,079,000","39,482,000","74,983,000","31,875,000","-34,003,514","-18,412,377","-18,072,452","-20,232,958","-15,509,061","-12,154,596","-4,076,386","-6,391,062","-4,006,323","-7,241,928","-10,564,597","-4,139,493","-2,729,454","-1,805,380","-539,820","-428,615","-255,945"
	NetIncome,"68,149,000","71,410,000","83,079,000","39,482,000","74,983,000","31,875,000","-34,003,514","-18,412,377","-18,072,452","-20,232,958","-15,509,061","-12,154,596","-4,076,386","-6,391,062","-4,006,323","-7,241,928","-10,564,597","-4,139,493","-2,729,454","-1,805,380","-539,820","-428,615","-255,945"
		NetIncomeIncludingNoncontrollingInterests,"68,149,000","71,410,000","83,079,000","39,482,000","74,983,000","31,875,000","-34,003,514","-18,412,377","-18,072,452","-20,232,958","-15,509,061","-12,154,596","-4,076,386","-6,391,062","-4,006,323","-7,241,928","-10,564,597","-4,139,493","-2,729,454","-1,805,380","-539,820","-428,615","-255,945"
			NetIncomeContinuousOperations,"68,149,000","71,410,000","83,079,000","39,482,000","74,983,000","31,875,000","-34,003,514","-18,412,377","-18,072,452","-20,232,958","-15,509,061","-12,154,596","-4,076,386","-6,391,062","-4,006,323","-7,241,928","-10,564,597","-4,139,493","-2,729,454","-1,805,380","-539,820","-428,615","-255,945"
DilutedNIAvailtoComStockholders,"68,149,000","71,410,000","83,079,000","39,482,000","74,983,000","31,875,000","-34,003,514","-18,412,377","-18,072,452","-20,232,958","-15,509,061","-12,154,596","-4,076,386","-6,391,062","-4,006,323","-7,241,928","-10,564,597","-4,139,493","-2,729,454","-1,805,380","-539,820","-428,615","-255,945"
BasicEPS,"0.58","0.67","0.8","0.38","0.72","0.31","-0.33","-0.21","-0.22","-0.25","-0.24","-0.27","-0.14","-0.29","-0.22","-0.48","-0.81","-0.33","-0.36","-0.29","-0.18","-0.15","-0.11"
DilutedEPS,"0.56","0.63","0.75","0.37","0.71","0.3","-0.33","-0.21","-0.22","-0.25","-0.24","-0.27","-0.14","-0.29","-0.22","-0.48","-0.81","-0.33","-0.36","-0.29","-0.18","-0.15","-0.11"
BasicAverageShares,"112,070,396","106,279,736","103,374,606","103,379,349","103,512,913","102,944,316","102,633,884","85,802,487","82,875,281","80,858,393","64,142,534","45,452,447","30,033,108","21,728,292","18,580,223","15,066,799","13,013,041","12,525,405","7,687,630","6,204,918","2,918,438","2,918,438","2,358,737"
DilutedAverageShares,"118,847,452","113,753,154","111,375,631","107,795,585","106,242,273","106,020,936","102,633,884","85,802,487","82,875,281","80,858,393","64,142,534","45,452,447","30,033,108","21,728,292","18,580,223","15,066,799","13,013,041","12,525,405","7,687,630","6,204,918","2,918,438","2,918,438","2,358,737"
TotalOperatingIncomeAsReported,"85,876,000","86,812,000","101,838,000","52,385,000","41,303,000","31,823,000","-35,295,165","-18,679,636","-19,280,201","-20,398,352","-14,591,428","-10,311,658","-5,221,140","-6,082,139","-4,024,181","-7,275,394","-10,893,945","-5,027,129","-2,902,327","-1,822,168","-542,958",,"-255,945"
TotalExpenses,"348,599,000","311,392,000","112,365,000","88,448,000","77,770,000","70,483,000","35,795,165","18,679,636","19,280,201","20,398,352","14,591,428","10,311,658","5,221,140","6,082,139","4,513,139","7,275,394","10,893,945","5,027,129","2,902,327","1,822,168","542,958",,"255,945"
NetIncomeFromContinuingAndDiscontinuedOperation,"68,149,000","71,410,000","83,079,000","39,482,000","74,983,000","31,875,000","-34,003,514","-18,412,377","-18,072,452","-20,232,958","-15,509,061","-12,154,596","-4,076,386","-6,391,062","-4,006,323","-7,241,928","-10,564,597","-4,139,493","-2,729,454","-1,805,380","-539,820","-428,615","-255,945"
NormalizedIncome,"70,629,847.066","71,410,000","83,079,000","39,482,000","74,983,000","31,875,000","-34,003,514","-18,225,473","-18,958,589","-20,297,963","-14,515,195","-10,264,237","-5,206,164","-6,071,154","-4,006,323","-7,241,928","-10,564,597","-4,139,493","-2,729,454","-1,805,380","-539,820","-428,615","-255,945"
InterestIncome,,,,,,"1,585,774","1,291,651","454,163","321,612","100,389","76,233","47,421","14,976","10,985","17,858","33,466","329,348",,,,,,
NetInterestIncome,,,,,,"1,585,774","1,291,651","454,163","321,612","100,389","76,233","47,421","14,976","10,985","17,858","33,466","329,348","887,636","172,873","16,788","3,138",,
EBIT,"85,876,000","86,812,000","101,838,000","52,385,000","41,303,000","31,823,000","-35,295,165","-18,679,636","-19,280,201","-20,398,352","-14,591,428","-10,311,658","-5,221,140","-6,082,139","-4,024,181","-7,275,394","-10,893,945","-5,027,129","-2,902,327","-1,822,168","-542,958",,"-255,945"
EBITDA,"122,452,000","119,693,000","103,077,000","52,577,000","41,395,000","31,878,000","-35,257,187","-18,633,947","-19,236,795","-20,363,884","-14,564,854","-10,289,175","-5,210,251","-6,039,304","-3,998,440","-7,245,167","-10,861,188","-5,011,368","-2,897,400","-1,820,794","-542,592",,"-255,945"
ReconciledCostOfRevenue,"57,559,000","51,651,000","34,252,000","21,692,000","17,039,000","14,759,000","0",,,"0","0","0","0","0","0","0","0",,,,,,"0"
ReconciledDepreciation,"36,576,000","32,881,000","1,239,000","192,000","92,000","55,000","37,978","45,689","43,406","34,468","26,574","22,483","10,889","42,835","25,741","30,227","32,757","15,761","4,927","1,374","366",,
NetIncomeFromContinuingOperationNetMinorityInterest,"68,149,000","71,410,000","83,079,000","39,482,000","74,983,000","31,875,000","-34,003,514","-18,412,377","-18,072,452","-20,232,958","-15,509,061","-12,154,596","-4,076,386","-6,391,062","-4,006,323","-7,241,928","-10,564,597","-4,139,493","-2,729,454","-1,805,380","-539,820","-428,615","-255,945"
TotalUnusualItemsExcludingGoodwill,"-3,406,000",,,,,,,"-186,904","886,137","65,005","-993,866","-1,890,359","1,129,778","-319,908",,,,,,,,,
TotalUnusualItems,"-3,406,000",,,,,,,"-186,904","886,137","65,005","-993,866","-1,890,359","1,129,778","-319,908",,,,,,,,,
NormalizedEBITDA,"125,858,000","119,693,000","103,077,000","52,577,000","41,395,000","31,878,000","-35,257,187","-18,447,043","-20,122,932","-20,428,889","-13,570,988","-8,398,816","-6,340,029","-5,719,396","-3,998,440","-7,245,167","-10,861,188","-5,011,368","-2,897,400","-1,820,794","-542,592",,"-255,945"
TaxRateForCalcs,"0.272","0.244","0.207","0.25","0.27","0.046","0","0","0","0","0","0","0","0","0","0","0","0","0","0","0","0.4","0"
TaxEffectOfUnusualItems,"-925,152.934","0","0","0","0","0","0","0","0","0","0","0","0","0","0","0","0","0","0","0","0","0","0"